@comment bibtool -f "%-n(author)%d(year)%-1T(title)" -s -sort.format="%N(author)%d(year)%n(title)" math.bib

@comment --- A ---
@book{adamek1990abstract,
author={Jiri Adamek and Horst Herrlich and George E. Strecker},
title={{Abstract and Concrete Categories: The Joy of Cats}},
publisher={Dover Publications},
year={1990}
}



@comment --- B ---
@comment % CLASSES1
@article{bancerek1990tarski, 
author={Bancerek, Grzegorz},
title={{Tarski's Classes and Ranks}},
journal = {Formalized Mathematics},
volume={1},
number={3},
year={1990},
pages={563--567}
}
@article{bitzer1963inverses,
  title={Inverses in rings with identity},
  author={Bitzer, CW},
  journal={The American Mathematical Monthy},
  volume={70},
  number={3},
  pages={315},
  year={1963},
  doi={10.1080/00029890.1963.11990086}
}


@comment --- C ---
@comment % CLASSES4
@article{Coghetto2022nontrivial, 
author = {Coghetto, Roland},
title = {{Non-Trivial Universes and Sequences of Universes}},
journal = {Formalized Mathematics},
number = {1},
volume = {30},
year = {2022},
pages = {53--66},
doi = {10.2478/forma-2022-0005}
}
@comment % CLASSES5
@article{Coghetto2024usmall, 
author = {Coghetto, Roland},
title = {{U-Small and U-Locally Small Categories}},
journal = {Formalized Mathematics},
number = {1},
volume = {32},
year = {2024},
pages = {77--92},
doi = {10.2478/forma-2024-0006}
}

@comment --- F ---
@InProceedings{feferman1967lectures,
author={Feferman, Solomon},
editor={L{\"o}b, M. H.},
title={{Lectures on Proof Theory}},
booktitle={{Proceedings of the Summer School in Logic Leeds, 1967}},
year={1968},
publisher={Springer},
address={Berlin, Heidelberg},
pages={1--107},
isbn={978-3-540-35886-2},
doi={10.1007/BFb0079094}
}

@comment --- G ---
@article{grothendieck1961techniques,
     author = {Grothendieck, Alexander},
  title={Techniques de construction et th{\'e}oremes dâ€™existence en g{\'e}om{\'e}trie alg{\'e}brique. III. Pr{\'e}schemas quotients},
  journal={S{\'e}minaire Bourbaki},
     number = {212},
     volume = {6},
     pages = {99--118},
     year = {1961},
     publisher = {Soci\'et\'e math\'ematique de France},
     mrnumber = {1611786},
     zbl = {0235.14007},
     language = {fr},
     url = {https://www.numdam.org/item/SB_1960-1961__6__99_0/}
}


@comment --- H ---
@book{horst2007category,
author={Horst Herrlich and George E. Strecker},
title={{Category Theory}},
edition={Third},
publisher={Heldermann Verlag},
year={2007}
}

@comment --- K ---
@article{kestelman1951automorphisms,
  title={Automorphisms of the field of complex numbers},
  author={Kestelman, Hyman},
  journal={Proceedings of the London Mathematical Society},
  volume={2},
  number={1},
  pages={1--12},
  year={1951},
  publisher={Oxford University Press}
}

@comment --- L ---
@article{langford1939arnold,
  title={Arnold Schmidt. {\"U}ber deduktive Theorien mit mehreren Sorten von Grunddingen. Mathematische Annalen, vol.\ 115 no.\ 4 (1938), pp.\ 485--506.},
  author={Langford, CH},
  journal={Journal of Symbolic Logic},
  volume={4},
  number={2},
  pages={98},
  year={1939},
  publisher={Cambridge University Press},
  doi={10.2307/2269080 }
}
@inproceedings{lee2007alternative,
  title={{Alternative aggregates in Mizar}},
  author={Lee, Gilbert and Rudnicki, Piotr},
  booktitle={International Conference on Mathematical Knowledge Management},
  pages={327--341},
  year={2007},
  organization={Springer}
}


@comment --- M ---
@book{maclane1998categories,
  title={Categories for the working mathematician},
  author={Mac~Lane, Saunders},
  volume={5},
  edition={second},
  year={1998},
  publisher={Springer}
}


@comment --- N ---
@comment % classes2
@article{nowak1990universal, 
author={Bogdan Nowak and Grzegorz Bancerek},
title={{Universal Classes}},
journal={Formalized Mathematics},
volume={1},
number={3},
year={1990},
pages={595--600}
}


@comment --- O ---
@book{osserman2021concise,
  title={{A Concise Introduction to Algebraic Varieties}},
  author={Osserman, Brian},
  volume={216},
  year={2021},
  publisher={American Mathematical Society}
}


@comment --- P ---
@comment % CLASSES3
@article{pak2020grothendieck, 
author = {P\k{a}k, Karol},
title = {{Grothendieck Universes}},
journal = {Formalized Mathematics},
number = {2},
volume = {28},
year = {2020},
pages = {211--215},
doi = {10.2478/forma-2020-0018}
}


@comment --- R ---
@article{rudnicki2001multivariate,
  title={{Multivariate Polynomials with Arbitrary Number of Variables}},
  author={Rudnicki, Piotr and Trybulec, Andrzej},
  journal={Formalized Mathematics},
  volume={9},
  number={1},
  pages={95--110},
  year={2001},
  url={https://mizar.uwb.edu.pl/fm/2001-9/pdf9-1/polynom1.pdf}
}

@comment --- S ---
@article{schmidt1938deduktive,
  title={{\"U}ber deduktive {T}heorien mit mehreren {S}orten von {G}runddingen},
  author={Schmidt, Arnold},
  journal={Mathematische Annalen},
  volume={115},
  number={1},
  pages={485--506},
  year={1938},
  publisher={Springer},
  doi={10.1007/BF01448954}
}
@misc{shulman2008set,
  title={Set theory for category theory},
  author={Shulman, Michael A},
  howpublished={preprint \texttt{arXiv:0810.1279 [math.CT]}},
  eprint={0810.1279},
  archivePrefix={arXiv},
  primaryClass={math.CT},
  year={2008}
}

@comment --- T ---
@ARTICLE{trybulec1990tarski,
      AUTHOR  = {Trybulec, Andrzej},
      TITLE   = {{Tarski {G}rothendieck Set Theory}},
      JOURNAL = {Formalized Mathematics},
      URL     = {http://fm.mizar.org/1990-1/pdf1-1/tarski.pdf},
      YEAR    = {1990},
      NUMBER  = {1},
      VOLUME  = 1,
      PAGES   = {9--11}
}

@comment --- W ---
@article{wang1952logic,
  title={Logic of many-sorted theories},
  author={Wang, Hao},
  journal={The Journal of Symbolic Logic},
  volume={17},
  number={2},
  pages={105--116},
  year={1952},
  publisher={Cambridge University Press},
  doi={10.2307/2266241 }
}